@article{granovetter_strength_1973,
	title = {The {Strength} of {Weak} {Ties}},
	volume = {78},
	issn = {0002-9602},
	url = {https://www.journals.uchicago.edu/doi/abs/10.1086/225469},
	doi = {10.1086/225469},
	abstract = {Analysis of social networks is suggested as a tool for linking micro and macro levels of sociological theory. The procedure is illustrated by elaboration of the macro implications of one aspect of small-scale interaction: the strength of dyadic ties. It is argued that the degree of overlap of two individuals' friendship networks varies directly with the strength of their tie to one another. The impact of this principle on diffusion of influence and information, mobility opportunity, and community organization is explored. Stress is laid on the cohesive power of weak ties. Most network models deal, implicitly, with strong ties, thus confining their applicability to small, well-defined groups. Emphasis on weak ties lends itself to discussion of relations between groups and to analysis of segments of social structure not easily defined in terms of primary groups.},
	number = {6},
	urldate = {2018-08-31},
	journal = {American Journal of Sociology},
	author = {Granovetter, Mark S.},
	month = may,
	year = {1973},
	pages = {1360--1380},
	file = {Snapshot:files/3159/225469.html:text/html}
}

@article{nyhan_when_2010,
	title = {When {Corrections} {Fail}: {The} {Persistence} of {Political} {Misperceptions}},
	volume = {32},
	issn = {1573-6687},
	shorttitle = {When {Corrections} {Fail}},
	url = {https://doi.org/10.1007/s11109-010-9112-2},
	doi = {10.1007/s11109-010-9112-2},
	abstract = {An extensive literature addresses citizen ignorance, but very little research focuses on misperceptions. Can these false or unsubstantiated beliefs about politics be corrected? Previous studies have not tested the efficacy of corrections in a realistic format. We conducted four experiments in which subjects read mock news articles that included either a misleading claim from a politician, or a misleading claim and a correction. Results indicate that corrections frequently fail to reduce misperceptions among the targeted ideological group. We also document several instances of a “backfire effect” in which corrections actually increase misperceptions among the group in question.},
	language = {en},
	number = {2},
	urldate = {2018-08-31},
	journal = {Political Behavior},
	author = {Nyhan, Brendan and Reifler, Jason},
	month = jun,
	year = {2010},
	keywords = {Backfire, Correction, Ignorance, Knowledge, Misinformation, Misperceptions},
	pages = {303--330}
}

@article{margolin_political_2018,
	title = {Political {Fact}-{Checking} on {Twitter}: {When} {Do} {Corrections} {Have} an {Effect}?},
	volume = {35},
	issn = {1058-4609},
	shorttitle = {Political {Fact}-{Checking} on {Twitter}},
	url = {https://doi.org/10.1080/10584609.2017.1334018},
	doi = {10.1080/10584609.2017.1334018},
	abstract = {Research suggests that fact checking corrections have only a limited impact on the spread of false rumors. However, research has not considered that fact-checking may be socially contingent, meaning there are social contexts in which truth may be more or less preferred. In particular, we argue that strong social connections between fact-checkers and rumor spreaders encourage the latter to prefer sharing accurate information, making them more likely to accept corrections. We test this argument on real corrections made on Twitter between Janurary 2012 and April, 2014. As hypothesized, we find that individuals who follow and are followed by the people who correct them are significantly more likely to accept the correction than individuals confronted by strangers. We then replicate our findings on new data drawn from November 2015 to February, 2016. These findings suggest that the underlying social structure is an important factor in the correction of misinformation.},
	number = {2},
	urldate = {2018-08-31},
	journal = {Political Communication},
	author = {Margolin, Drew B. and Hannak, Aniko and Weber, Ingmar},
	month = apr,
	year = {2018},
	keywords = {accountability, fact-checking, misinformation, rumor, social networks},
	pages = {196--219},
	file = {Snapshot:files/3164/10584609.2017.html:text/html}
}

@article{zollo_debunking_2017,
	title = {Debunking in a world of tribes},
	volume = {12},
	issn = {1932-6203},
	url = {https://journals.plos.org/plosone/article?id=10.1371/journal.pone.0181821},
	doi = {10.1371/journal.pone.0181821},
	abstract = {Social media aggregate people around common interests eliciting collective framing of narratives and worldviews. However, in such a disintermediated environment misinformation is pervasive and attempts to debunk are often undertaken to contrast this trend. In this work, we examine the effectiveness of debunking on Facebook through a quantitative analysis of 54 million users over a time span of five years (Jan 2010, Dec 2014). In particular, we compare how users usually consuming proven (scientific) and unsubstantiated (conspiracy-like) information on Facebook US interact with specific debunking posts. Our findings confirm the existence of echo chambers where users interact primarily with either conspiracy-like or scientific pages. However, both groups interact similarly with the information within their echo chamber. Then, we measure how users from both echo chambers interacted with 50,220 debunking posts accounting for both users consumption patterns and the sentiment expressed in their comments. Sentiment analysis reveals a dominant negativity in the comments to debunking posts. Furthermore, such posts remain mainly confined to the scientific echo chamber. Only few conspiracy users engage with corrections and their liking and commenting rates on conspiracy posts increases after the interaction.},
	language = {en},
	number = {7},
	urldate = {2018-08-31},
	journal = {PLOS ONE},
	author = {Zollo, Fabiana and Bessi, Alessandro and Vicario, Michela Del and Scala, Antonio and Caldarelli, Guido and Shekhtman, Louis and Havlin, Shlomo and Quattrociocchi, Walter},
	month = jul,
	year = {2017},
	keywords = {Autism, Cancer vaccines, Facebook, Genetically modified organisms, Global health, Magazines, Medicine and health sciences, Political aspects of health},
	pages = {e0181821},
	file = {Full Text PDF:files/3166/Zollo et al. - 2017 - Debunking in a world of tribes.pdf:application/pdf;Snapshot:files/3167/article.html:text/html}
}

@book{manzini_politiche_2018,
	address = {S.l.},
	title = {Politiche del quotidiano: progetti di vita che cambiano il mondo},
	isbn = {978-88-98220-81-6},
	shorttitle = {Politiche del quotidiano},
	language = {ita},
	publisher = {Edizioni Comunità},
	author = {Manzini, Ezio},
	year = {2018}
}

@book{quattrociocchi_liberi_2018,
	address = {Torino},
	title = {Liberi di crederci: informazione, {Internet} e post-verità},
	isbn = {978-88-7578-740-0},
	shorttitle = {Liberi di crederci},
	language = {ita},
	publisher = {Codice},
	author = {Quattrociocchi, Walter and Vicini, Antonella},
	year = {2018}
}


@misc{noauthor_wikipedia:fonti_2018,
	title = {Wikipedia:{Fonti} attendibili},
	copyright = {Creative Commons Attribution-ShareAlike License},
	shorttitle = {Wikipedia},
	url = {https://it.wikipedia.org/w/index.php?title=Wikipedia:Fonti_attendibili&oldid=95263557},
	abstract = {Le voci di Wikipedia devono essere basate su fonti attendibili e pubblicate. Questa pagina è una diretta conseguenza di quanto indicato nelle linee guida Wikipedia:Verificabilità e Wikipedia:Niente ricerche originali.
Wikipedia:Verificabilità dice che qualsiasi contributo che possa anche solo potenzialmente essere messo in dubbio necessita di una fonte e di riferimenti, e la responsabilità di trovare tale fonte spetta a chi aggiunge o modifica il contributo in questione. A volte è meglio non avere un'informazione piuttosto che avere un'informazione senza una fonte. Wikipedia:Niente ricerche originali vieta invece l'inserimento di contributi, teorie, saggi, opinioni che non godano già di una adeguata diffusione tra le fonti terze e attendibili.},
	language = {it},
	urldate = {2018-09-01},
	journal = {Wikipedia},
	month = mar,
	year = {2018},
	note = {Page Version ID: 95263557},
	file = {Snapshot:files/3172/index.html:text/html}
}

@misc{noauthor_treccani_nodate,
	title = {Treccani - {La} cultura {Italiana} - {Vocabolario}},
	url = {http://www.treccani.it/vocabolario/},
	urldate = {2018-09-01},
	file = {Treccani - La cultura Italiana - Vocabolario:files/3174/vocabolario.html:text/html}
}


@misc{noauthor_butac_nodate,
	title = {{BUTAC} - {Home} {Page}},
	url = {http://www.butac.it/},
	language = {it-IT},
	urldate = {2018-09-01},
	journal = {BUTAC - Bufale un tanto al chilo},
	file = {Snapshot:files/3176/www.butac.it.html:text/html}
}

@misc{noauthor_bufale.net_nodate,
	title = {Bufale.net {\textbar} {Bufale} - fake news - bufale facebook},
	url = {https://www.bufale.net/home},
	language = {it-IT},
	urldate = {2018-09-01},
	journal = {Bufale.net {\textbar} Bufale - fake news - bufale facebook},
	file = {Snapshot:files/3178/home.html:text/html}
}

@misc{noauthor_paolo_nodate,
	title = {Paolo {Attivissimo} - {Antibufala}, {Acchiappavirus}, {Internet} per tutti, {Complotti}, {Da} {Windows} a {Linux} e altri deliri},
	url = {http://www.attivissimo.net/},
	urldate = {2018-09-01},
	file = {Paolo Attivissimo - Antibufala, Acchiappavirus, Internet per tutti, Complotti, Da Windows a Linux e altri deliri:files/3180/www.attivissimo.net.html:text/html}
}

@misc{noauthor_bufale_nodate,
	title = {{LE} {BUFALE} {SU} {FACEBOOK}: {NON} {CASCATECI}!!! - {GRUPPO} {ANTI} {BUFALE}},
	url = {https://www.facebook.com/groups/GruppoAntiBufale/},
	urldate = {2018-09-01},
	file = {LE BUFALE SU FACEBOOK\: NON CASCATECI!!! - GRUPPO ANTI BUFALE:files/3182/GruppoAntiBufale.html:text/html}
}

@misc{attivissimo_bufalopedia:_nodate,
	title = {Bufalopedia: {Cerca} nei siti antibufala},
	shorttitle = {Bufalopedia},
	url = {https://bufalopedia.blogspot.com/2017/10/test_88.html},
	urldate = {2018-09-01},
	journal = {Bufalopedia},
	author = {Attivissimo, Paolo},
	file = {Blogspot Snapshot:files/3184/test_88.html:text/html}
}


@misc{lee_20_nodate,
	title = {20 cognitive biases that screw up your decisions},
	url = {https://www.businessinsider.com/cognitive-biases-that-affect-decisions-2015-8},
	abstract = {Your decisions may not be as rational as you think.},
	urldate = {2018-09-01},
	journal = {Business Insider},
	author = {Lee, Samantha, Shana Lebowitz},
	file = {Snapshot:files/3186/cognitive-biases-that-affect-decisions-2015-8.html:text/html}
}


@misc{noauthor_influencer_nodate,
	title = {influencer in {Vocabolario} - {Treccani}},
	url = {http://www.treccani.it//vocabolario/influencer_res-728101ee-89c5-11e8-a7cb-00271042e8d9_(Neologismi)},
	abstract = {s. m. e f. Personaggio popolare in Rete, che ha la capacità di influenzare i comportamenti e le scelte di un determinato gruppo di utenti e, in particolare, di potenziali consumatori, e viene utilizzato nell’àmbito delle strategie di comunicazione e di marketing. ◆ [Gianroberto Casaleggio, ndr] Pragmatico, teorizza il ruolo fondamentale degli influencer in Rete, quel 10\% di utenti consapevoli che forma le opinioni del restante 90\%. Assieme al figlio Davide e ad altri collaboratori ha creato "lo},
	language = {it-IT},
	urldate = {2018-09-04},
	file = {Snapshot:files/3188/influencer_res-728101ee-89c5-11e8-a7cb-00271042e8d9_(Neologismi).html:text/html}
}


@misc{noauthor_ultime_nodate,
	title = {Ultime notizie su attualità, politica ed economia - {IlGiornale}.it},
	url = {http://www.ilgiornale.it/},
	urldate = {2018-09-04},
	file = {Ultime notizie su attualità, politica ed economia - IlGiornale.it:files/3190/www.ilgiornale.it.html:text/html}
}


@misc{noauthor_clickbait_nodate,
	title = {clickbait definizione, significato - che cosa è clickbait nel dizionario {Inglese} - {Cambridge} {Dictionary}},
	url = {https://dictionary.cambridge.org/it/dizionario/inglese/clickbait},
	abstract = {clickbait - definizione, significato, pronuncia audio, sinonimi e più ancora. Che cosa è clickbait? articles, photographs, etc. on the internet that are intended to attract attention and encourage people to click on links to particular websites: Vedi di più ancora nel dizionario Inglese - Cambridge Dictionary},
	language = {it},
	urldate = {2018-09-04},
	file = {Snapshot:files/3193/clickbait.html:text/html}
}


@misc{cartaldo_ecco_nodate,
	title = {Ecco perché {Josefa} è sbarcata con lo smalto rosso sulle unghie},
	url = {http://www.ilgiornale.it/news/cronache/ecco-perch-josefa-sbarcata-smalto-rosso-sulle-unghie-1556896.html},
	abstract = {La migrante ritratta in una fotografia con lo smalto sulle unghie. Scoppia la polemica in rete. Ma la cronista di Internazionale: \&quot;È stato messo dalla Ong sulla nave\&quot;},
	language = {it},
	urldate = {2018-09-04},
	journal = {ilGiornale.it},
	author = {Cartaldo, Claudio}
}